%% LaTeX2e file `pubs.bib'
%% generated by the `filecontents' environment
%% from source `EVANS_MATTHEW_abridged' on 2016/09/04.
%%

@article{PhysRevFluids.1.044502,
  title = {Interactions between unidirectional quantized vortex rings},
  author = {Zhu, T. and \textbf{Evans, M. L.} and Brown, R. A. and Walmsley, P. M. and Golov, A. I.},
  journal = {Phys. Rev. Fluids},
  volume = {1},
  issue = {4},
  pages = {044502},
  numpages = {18},
  year = {2016},
  month = {Aug},
  publisher = {American Physical Society},
  doi = {10.1103/PhysRevFluids.1.044502},
  eprint = {http://arxiv.org/abs/1603.04313v2}
  url = {http://link.aps.org/doi/10.1103/PhysRevFluids.1.044502}
}
